@book{modernApproach,
 author = {Russell, Stuart J. and Norvig, Peter},
 title = {Artificial Intelligence: A Modern Approach},
 year = {2003},
 isbn = {0137903952},
 edition = {2},
 publisher = {Pearson Education},
} 

@article{kNearestNeighbours,
 author = {Friedman, Jerome H. and Bentley, Jon Louis and Finkel, Raphael Ari},
 title = {An Algorithm for Finding Best Matches in Logarithmic Expected Time},
 journal = {ACM Trans. Math. Softw.},
 issue_date = {Sept. 1977},
 volume = {3},
 number = {3},
 month = sep,
 year = {1977},
 issn = {0098-3500},
 pages = {209--226},
 numpages = {18},
 url = {http://doi.acm.org/10.1145/355744.355745},
 doi = {10.1145/355744.355745},
 acmid = {355745},
 publisher = {ACM},
 address = {New York, NY, USA},
} 

@article{manyBalltrees,
  title={New algorithms for efficient high-dimensional nonparametric classification},
  author={Liu, Ting and Moore, Andrew W and Gray, Alexander},
  journal={Journal of Machine Learning Research},
  volume={7},
  number={Jun},
  pages={1135--1158},
  year={2006}
}

@misc{machineLearningBackground,
  title={Lecture 01 - The Learning Problem},
  author={Yaser Abu-Mostafa},
  year={2012},
  url={https://www.youtube.com/watch?v=mbyG85GZ0PI}
}

@misc{logisticRegression,
  title={Lecture 09 - The Linear Model II},
  author={Yaser Abu-Mostafa},
  year={2012},
  url={https://www.youtube.com/watch?v=qSTHZvN8hzs}
}

@misc{autoEncoding,
  title={Lecture 12b: Deep Neural Nets},
  author={Patrick Wilson},
  year={2016},
  url={https://www.youtube.com/watch?v=VrMHA3yX_QI}
}

@misc{caltechNeuralNetwork,
  title={Lecture 10 - Neural Networks},
  author={Yaser Abu-Mostafa},
  year={2012},
  url={https://www.youtube.com/watch?v=Ih5Mr93E-2c}
}

@misc{mitNeuralNetwork,
  title={Lecture 12: Neural Nets},
  author={Patrick Wilson},
  year={2016},
  url={https://www.youtube.com/watch?v=VrMHA3yX_QI}
}

@misc{mitSupportVectorMachine,
  title={16. Learning: Support Vector Machines},
  author={Patrick Wilson},
  year={2014},
  url={https://www.youtube.com/watch?v=_PwhiWxHK8o}
}

@misc{kernelMethods,
  title={Lecture 15 - Kernel Methods},
  author={Yaser Abu-Mostafa},
  year={2012},
  url={https://www.youtube.com/watch?v=XUj5JbQihlU}
}

@misc{caltechSupportVectorMachine,
  title={Lecture 14 - Support Vector Machine},
  author={Yaser Abu-Mostafa},
  year={2012},
  url={https://www.youtube.com/watch?v=eHsErlPJWUU}
}

@misc{decisionTrees,
  title={11. Learning: Identification Trees, Disorder},
  author={Patrick Wilson},
  year={2014},
  url={https://www.youtube.com/watch?v=SXBG3RGr_Rc}
}

@misc{boosting,
  title={17. Learning: Boosting},
  author={Patrick Wilson},
  year={2014},
  url={https://www.youtube.com/watch?v=UHBmv7qCey4}
}

@misc{overfitting,
  title={Lecture 11 - Overfitting},
  author={Yaser Abu-Mostafa},
  year={2012},
  url={https://www.youtube.com/watch?v=EQWr3GGCdzw}
}

@misc{regularization,
  title={Lecture 12 - Regularization},
  author={Yaser Abu-Mostafa},
  year={2012},
  url={https://www.youtube.com/watch?v=I-VfYXzC5ro}
}

@misc{mit,
  title={Artificial Intelligence - MIT 6.043},
  url={https://ocw.mit.edu/courses/electrical-engineering-and-computer-science/6-034-artificial-intelligence-fall-2010/},
  note={Accessed: 2017/4/30}
}

@misc{caltech,
  title={Machine Larnining - California Institute of Technology},
  url={https://work.caltech.edu/telecourse.html},
  note{Accessed: 2017/5/1}
}

@misc{dotabuff,
  title={DOTABUFF - Dota 2 Statistics},
  url={https://www.dotabuff.com/},
  note={Accessed: 2017/5/1}
}

@misc{dotaAPI,
  title={Dota 2 Match History WebAPI},
  url={http://dev.dota2.com/showthread.php?t=47115},
  note={Accessed: 2017/5/1}
}

@misc{pythonAPI,
  title={dota2api - Unofficial wrapper for the Dota 2 API},
  url={https://dota2api.readthedocs.io/en/latest/},
  note={Accessed: 2017/5/1}
}

@article{sklearn,
 title={Scikit-learn: Machine Learning in {P}ython},
 author={Pedregosa, F. and Varoquaux, G. and Gramfort, A. and Michel, V.
         and Thirion, B. and Grisel, O. and Blondel, M. and Prettenhofer, P.
         and Weiss, R. and Dubourg, V. and Vanderplas, J. and Passos, A. and
         Cournapeau, D. and Brucher, M. and Perrot, M. and Duchesnay, E.},
 journal={Journal of Machine Learning Research},
 volume={12},
 pages={2825--2830},
 year={2011}
}

@book{oneHotEncoding,
 author = {Harris, David and Harris, Sarah},
 title = {Digital Design and Computer Architecture, Second Edition},
 year = {2012},
 isbn = {0123944244, 9780123944245},
 edition = {2nd},
 publisher = {Morgan Kaufmann Publishers Inc.},
 address = {San Francisco, CA, USA},
} 

@misc{dota2Heroes,
  title={Dota 2 Hero List},
  url={http://www.dota2.com/heroes/},
  note={Accessed: 2017/5/1}
}

@misc{skLearnNeuralNet,
  title={Neural network models (supervised) - scikit-learn 0.18},
  url={http://scikit-learn.org/stable/modules/neural_networks_supervised.html}
  note={Accessed: 2017/5/1}
}

@misc{svmGuide,
    author = {Chih-wei Hsu and Chih-chung Chang and Chih-jen Lin},
    title = {A practical guide to support vector classification },
    year = {2010}
}
